@mastersthesis{pettersson2023knowledge,
  title={Knowledge distillation for anomaly detection},
  author={Pettersson, Nils Gustav Erik},
school={Uppsala University},
  year={2023}
}

@mastersthesis{hausner2022explainable,
  title={Explainable Product Configuration for Telecom via Constraint Reasoning},
  author={H{\"a}usner, Paul},
school={Uppsala University},
  year={2022}
}